<record xmlns="http://www.loc.gov/MARC21/slim" xmlns:xsi="http://www.w3.org/2001/XMLSchema-instance" xsi:schemaLocation="http://www.loc.gov/MARC21/slim http://www.loc.gov/standards/marcxml/schema/MARC21slim.xsd"><leader>01452nam a2200301   4500</leader><controlfield tag="001">002820020</controlfield><controlfield tag="003">NNU</controlfield><controlfield tag="006">m        d        </controlfield><controlfield tag="007">cr cn |||m|||a</controlfield><controlfield tag="008">140707s1968    iq      ob    001 0 ara d</controlfield><datafield ind1=" " ind2=" " tag="040"><subfield code="a">NNU</subfield><subfield code="b">eng</subfield><subfield code="c">NNU</subfield></datafield><datafield ind1="1" ind2=" " tag="100"><subfield code="a">Shibl&#299;, Ab&#363; Bakr,</subfield><subfield code="d">861-946.</subfield></datafield><datafield ind1="1" ind2="0" tag="245"><subfield code="a">D&#299;w&#257;n Ab&#299; Bakr al-Shibl&#299;, Ja&#699;far ibn Y&#363;suf al-mash&#363;r bi-Dulaf ibn Ja&#7717;dar</subfield><subfield code="h">[electronic resource] /</subfield><subfield code="c">jama&#699;ahu wa-&#7717;aqqaqahu wa-&#699;allaqa &#7717;aw&#257;sh&#299;hi wa-qaddama lahu K&#257;mil Mu&#7779;&#7789;af&#225; al-Shayb&#299;.</subfield></datafield><datafield ind1=" " ind2=" " tag="250"><subfield code="a">al-&#7788;ab&#699;ah 1.</subfield></datafield><datafield ind1=" " ind2=" " tag="260"><subfield code="a">Baghd&#257;d :</subfield><subfield code="b">[s.n.],</subfield><subfield code="c">1968</subfield><subfield code="e">(Baghd&#257;d :</subfield><subfield code="f">Ma&#7789;ba&#699;at al-Bay&#257;n)</subfield></datafield><datafield ind1=" " ind2=" " tag="300"><subfield code="a">online resource (229 p.)</subfield></datafield><datafield ind1=" " ind2=" " tag="500"><subfield code="a">Title on p. [4] of cover: The d&#299;w&#257;n of Ab&#363; Bakr al-shibl&#299;.</subfield></datafield><datafield ind1=" " ind2=" " tag="500"><subfield code="a">Includes indexes.</subfield></datafield><datafield ind1=" " ind2=" " tag="500"><subfield code="a">Part of the Arabic Collections Online (ACO) project, contributed by New York Univeristy Libraries.</subfield></datafield><datafield ind1=" " ind2=" " tag="504"><subfield code="a">Bibliography: p. 173-189.</subfield></datafield><datafield ind1=" " ind2=" " tag="533"><subfield code="a">Electronic reproduction.</subfield><subfield code="b">New York, N.Y. :</subfield><subfield code="c">New York University,</subfield><subfield code="d">2014.</subfield><subfield code="5">NNU</subfield></datafield><datafield ind1="1" ind2=" " tag="700"><subfield code="a">Shayb&#299;, K&#257;mil Mu&#7779;&#7789;af&#225;.</subfield></datafield><datafield ind1="2" ind2=" " tag="710"><subfield code="a">New York University.</subfield><subfield code="b">Libraries.</subfield></datafield><datafield ind1="0" ind2=" " tag="730"><subfield code="a">Arabic Collections Online.</subfield></datafield><datafield ind1="4" ind2=" " tag="740"><subfield code="a">The d&#299;w&#257;n of Ab&#363; Bakr al-Shibl&#299;.</subfield></datafield><datafield ind1="0" ind2="8" tag="776"><subfield code="i">Print version:</subfield><subfield code="a">Shibl&#299;, Ab&#363; Bakr, 861-946.</subfield><subfield code="t">D&#299;w&#257;n Ab&#299; Bakr al-Shibl&#299;, Ja&#699;far ibn Y&#363;suf al-mash&#363;r bi-Dulaf ibn Ja&#7717;dar</subfield><subfield code="w">(NNU)002820020</subfield></datafield><datafield ind1="4" ind2="0" tag="856"><subfield code="u">http://hdl.handle.net/2333.1/7m0cg0fj</subfield></datafield><datafield ind1=" " ind2=" " tag="959"><subfield code="a">NNU</subfield><subfield code="b">WEB</subfield><subfield code="c">GENI</subfield><subfield code="t">0</subfield><subfield code="m">Electronic access</subfield><subfield code="s">01</subfield></datafield></record>